<?xml version="1.0" encoding="UTF-8"?>
<collection xmlns:xsi="http://www.w3.org/2001/XMLSchema-instance" xsi:schemaLocation="http://www.loc.gov/MARC21/slim http://www.loc.gov/standards/marcxml/schema/MARC21slim.xsd" xmlns="http://www.loc.gov/MARC21/slim">
<record>
  <leader>01398mam a2200301 a 4500</leader>
  <controlfield tag="001">602936</controlfield>
  <controlfield tag="003">NNC</controlfield>
  <controlfield tag="005">20160718182532.0</controlfield>
  <controlfield tag="008">870303r19851970ir            000 0 ara d</controlfield>
  <datafield tag="035" ind1=" " ind2=" ">
    <subfield code="a">(OCoLC)20881657</subfield>
  </datafield>
  <datafield tag="035" ind1=" " ind2=" ">
    <subfield code="a">(OCoLC)ocm20881657</subfield>
  </datafield>
  <datafield tag="035" ind1=" " ind2=" ">
    <subfield code="a">(CStRLIN)NJPG87-B8901</subfield>
  </datafield>
  <datafield tag="035" ind1=" " ind2=" ">
    <subfield code="a">(CStRLIN)NYCG87-B82991</subfield>
  </datafield>
  <datafield tag="035" ind1=" " ind2=" ">
    <subfield code="9">ACQ7796CU</subfield>
  </datafield>
  <datafield tag="035" ind1=" " ind2=" ">
    <subfield code="a">(NNC)602936</subfield>
  </datafield>
  <datafield tag="035" ind1=" " ind2=" ">
    <subfield code="a">602936</subfield>
  </datafield>
  <datafield tag="040" ind1=" " ind2=" ">
    <subfield code="a">NjP</subfield>
    <subfield code="c">NjP</subfield>
    <subfield code="d">NNC</subfield>
  </datafield>
  <datafield tag="100" ind1="1" ind2=" ">
    <subfield code="a">Damīrī, Muḥammad ibn Mūsá,</subfield>
    <subfield code="d">1341?-1405.</subfield>
  </datafield>
  <datafield tag="245" ind1="1" ind2="0">
    <subfield code="a">Ḥayāt al-ḥayawān al-kubrá /</subfield>
    <subfield code="c">li-Kamāl al-Dīn Muḥammad ibn Mūsá al-Damīrī. Wa-yalīhi ʻAjāʾib al-makhlūqāt wa-gharāʾib al-mawjūdāt / li-Zakarīyā ibn Muḥammad ibn Maḥmūd al-Qazwīnī.</subfield>
  </datafield>
  <datafield tag="250" ind1=" " ind2=" ">
    <subfield code="a">al-Ṭabʻah 2.</subfield>
  </datafield>
  <datafield tag="260" ind1=" " ind2=" ">
    <subfield code="a">Qum :</subfield>
    <subfield code="b">Manshūrāt al-Raḍī ;</subfield>
    <subfield code="a">Ṭihrān :</subfield>
    <subfield code="b">Manshūrāt-i Nāṣir Khusraw,</subfield>
    <subfield code="c">1364 [1985 or 86]</subfield>
  </datafield>
  <datafield tag="300" ind1=" " ind2=" ">
    <subfield code="a">2 v. ;</subfield>
    <subfield code="c">25 cm.</subfield>
  </datafield>
  <datafield tag="534" ind1=" " ind2=" ">
    <subfield code="p">Reprint.  Originally published :</subfield>
    <subfield code="c">Cairo : Maktabat wa-Maṭbaʻat Muṣṭafʹa al-Bābī al-Ḥalabī, 1970.</subfield>
  </datafield>
  <datafield tag="650" ind1=" " ind2="0">
    <subfield code="a">Zoology</subfield>
    <subfield code="v">Pre-Linnean works.</subfield>
  </datafield>
  <datafield tag="650" ind1=" " ind2="0">
    <subfield code="a">Science</subfield>
    <subfield code="z">Arab countries</subfield>
    <subfield code="v">Early works to 1800.</subfield>
  </datafield>
  <datafield tag="650" ind1=" " ind2="0">
    <subfield code="a">Science, Medieval.</subfield>
  </datafield>
  <datafield tag="700" ind1="1" ind2=" ">
    <subfield code="a">Qazwīnī, Zakarīyā ibn Muḥammad,</subfield>
    <subfield code="d">approximately 1203-1283.</subfield>
    <subfield code="t">ʻAjāʼib al-makhlūqāt wa-gharāʼib al-mawjūdāt.</subfield>
    <subfield code="f">1985.</subfield>
  </datafield>
  <datafield tag="740" ind1="0" ind2=" ">
    <subfield code="a">ʻAjāʾib al-makhlūqāt wa-gharāʾib al-mawjūdāt.</subfield>
  </datafield>
  <datafield tag="955" ind1=" " ind2=" ">
    <subfield code="b">CU18993427</subfield>
    <subfield code="d">off,glx</subfield>
    <subfield code="e">QH41 .D36 1985g</subfield>
    <subfield code="v">v.1</subfield>
  </datafield>
</record>
</collection>